<?xml version="1.0" encoding="UTF-8"?>

<collection xmlns="http://www.loc.gov/MARC21/slim">
 <!-- FIRST INCREMENTAL -->
 <!-- INSTANCE:sfxlcl41 -->
 <record>
  <leader>-----nas-a2200000z--4500</leader>
  <controlfield tag="008">171121uuuuuuuuuxx-uu-|------u|----|eng-d</controlfield>
  <datafield tag="010" ind1="" ind2="">
   <subfield code="a">sn 99048651 </subfield>
  </datafield>
  <datafield tag="245" ind1="" ind2="0">
   <subfield code="a">Information research</subfield>
  </datafield>
  <datafield tag="210" ind1="" ind2="">
   <subfield code="a">INFORM RES</subfield>
  </datafield>
  <datafield tag="210" ind1="" ind2="">
   <subfield code="a">INF. RES</subfield>
  </datafield>
  <datafield tag="260" ind1="" ind2="">
   <subfield code="a">ENGLAND</subfield>
   <subfield code="b">University of Sheffield</subfield>
  </datafield>
  <datafield tag="022" ind1="" ind2="">
   <subfield code="a">1368-1613</subfield>
  </datafield>
  <datafield tag="090" ind1="" ind2="">
   <subfield code="a">954925247099</subfield>
  </datafield>
  <datafield tag="866" ind1="" ind2="">
   <subfield code="a">Available from 2013 volume: 18 issue: 1. </subfield>
   <subfield code="s">1000000000002565</subfield>
   <subfield code="t">1000000000001905</subfield>
   <subfield code="x">LearnTechLib - The Learning and Technology Library Journals:Full Text</subfield>
   <subfield code="z">3880000000491114</subfield>
  </datafield>
  <datafield tag="901" ind1="" ind2="">
   <subfield code="1">^Z671</subfield>
  </datafield>
 </record>