
 <record>
  <leader>-----nas-a2200000z--4500</leader>
  <controlfield tag="008">171121uuuuuuuuuxx-uu-|------u|----|eng-d</controlfield>
  <datafield tag="010" ind1="" ind2="">
   <subfield code="a">   98664001 </subfield>
  </datafield>
  <datafield tag="245" ind1="" ind2="0">
   <subfield code="a">Journal of Interactive Learning Research</subfield>
  </datafield>
  <datafield tag="210" ind1="" ind2="">
   <subfield code="a">JOURNAL OF INTERACTIVE LEARNING</subfield>
  </datafield>
  <datafield tag="210" ind1="" ind2="">
   <subfield code="a">JOURNAL OF INTERACTIVE OF LEARNING RESEARCH</subfield>
  </datafield>
  <datafield tag="260" ind1="" ind2="">
   <subfield code="a">Charlottesville, VA</subfield>
   <subfield code="b">Association for the Advancement of Computing in Ed</subfield>
  </datafield>
  <datafield tag="022" ind1="" ind2="">
   <subfield code="a">1093-023X</subfield>
  </datafield>
  <datafield tag="090" ind1="" ind2="">
   <subfield code="a">958480155093</subfield>
  </datafield>
  <datafield tag="866" ind1="" ind2="">
   <subfield code="a">Available from 1997 volume: 8 issue: 2. </subfield>
   <subfield code="s">1000000000002565</subfield>
   <subfield code="t">1000000000001905</subfield>
   <subfield code="x">LearnTechLib - The Learning and Technology Library Journals:Full Text</subfield>
   <subfield code="z">1000000000961417</subfield>
  </datafield>
  <datafield tag="901" ind1="" ind2="">
   <subfield code="1">^LB1028.43 .J68</subfield>
  </datafield>
 </record>