
 <record>
  <leader>-----nas-a2200000z--4500</leader>
  <controlfield tag="008">171121uuuuuuuuuxx-uu-|------u|----|eng-d</controlfield>
  <datafield tag="010" ind1="" ind2="">
   <subfield code="a">  2003238276</subfield>
  </datafield>
  <datafield tag="245" ind1="" ind2="0">
   <subfield code="a">Ed-tech review</subfield>
  </datafield>
  <datafield tag="210" ind1="" ind2="">
   <subfield code="a">EDUCATIONAL TECHNOLOGY REVIEW</subfield>
  </datafield>
  <datafield tag="260" ind1="" ind2="">
   <subfield code="a">[Norfolk, Va.]</subfield>
   <subfield code="b">AACE-Association for the Advancement of Computing in Education</subfield>
  </datafield>
  <datafield tag="022" ind1="" ind2="">
   <subfield code="a">1065-6901</subfield>
  </datafield>
  <datafield tag="090" ind1="" ind2="">
   <subfield code="a">958480255675</subfield>
  </datafield>
  <datafield tag="866" ind1="" ind2="">
   <subfield code="a">Available from 1999 volume: 1 issue: 11 until 2009 volume: 17 issue: 4. </subfield>
   <subfield code="s">1000000000002565</subfield>
   <subfield code="t">1000000000001905</subfield>
   <subfield code="x">LearnTechLib - The Learning and Technology Library Journals:Full Text</subfield>
   <subfield code="z">3780000000159989</subfield>
  </datafield>
 </record>