
 <record>
  <leader>-----nas-a2200000z--4500</leader>
  <controlfield tag="008">171121uuuuuuuuuxx-uu-|------u|----|eng-d</controlfield>
  <datafield tag="010" ind1="" ind2="">
   <subfield code="a">   94659148 </subfield>
  </datafield>
  <datafield tag="245" ind1="" ind2="0">
   <subfield code="a">Journal of Technology and Teacher Education</subfield>
  </datafield>
  <datafield tag="210" ind1="" ind2="">
   <subfield code="a">JOURNAL OF TECHNOLOGY AND TEACHER</subfield>
  </datafield>
  <datafield tag="210" ind1="" ind2="">
   <subfield code="a">JOURNAL OF TECHNOLOGY &amp; TEACHER EDUCATION</subfield>
  </datafield>
  <datafield tag="260" ind1="" ind2="">
   <subfield code="a">Charlottesville, VA</subfield>
   <subfield code="b">Association for the Advancement of Computing in Education</subfield>
  </datafield>
  <datafield tag="022" ind1="" ind2="">
   <subfield code="a">1059-7069</subfield>
  </datafield>
  <datafield tag="776" ind1="" ind2="">
   <subfield code="x">1943-5924</subfield>
  </datafield>
  <datafield tag="090" ind1="" ind2="">
   <subfield code="a">958480269940</subfield>
  </datafield>
  <datafield tag="866" ind1="" ind2="">
   <subfield code="a">Available from 1997 volume: 5 issue: 4. </subfield>
   <subfield code="s">1000000000002565</subfield>
   <subfield code="t">1000000000001905</subfield>
   <subfield code="x">LearnTechLib - The Learning and Technology Library Journals:Full Text</subfield>
   <subfield code="z">1000000000961418</subfield>
  </datafield>
  <datafield tag="901" ind1="" ind2="">
   <subfield code="1">^LB1028.3</subfield>
  </datafield>
 </record>