
 <record>
  <leader>-----nas-a2200000z--4500</leader>
  <controlfield tag="008">171121uuuuuuuuuxx-uu-|------u|----|eng-d</controlfield>
  <datafield tag="010" ind1="" ind2="">
   <subfield code="a">   82645691 </subfield>
  </datafield>
  <datafield tag="245" ind1="" ind2="4">
   <subfield code="a">The Journal of Computers in Mathematics and Science Teaching</subfield>
  </datafield>
  <datafield tag="210" ind1="" ind2="">
   <subfield code="a">JOURNAL OF COMPUTERS IN MATHEMATICS AND SCIENCE TEACHING</subfield>
  </datafield>
  <datafield tag="210" ind1="" ind2="">
   <subfield code="a">JOURNAL OF COMPUTERS IN MATHEMATICS &amp; SCIENCE TEACHING, THE</subfield>
  </datafield>
  <datafield tag="260" ind1="" ind2="">
   <subfield code="a">[Austin, TX]</subfield>
   <subfield code="b">[Association for Computers in Mathematics and Science Teaching]</subfield>
  </datafield>
  <datafield tag="022" ind1="" ind2="">
   <subfield code="a">0731-9258</subfield>
  </datafield>
  <datafield tag="776" ind1="" ind2="">
   <subfield code="x">1943-5908</subfield>
  </datafield>
  <datafield tag="090" ind1="" ind2="">
   <subfield code="a">958480291383</subfield>
  </datafield>
  <datafield tag="866" ind1="" ind2="">
   <subfield code="a">Available from 1981 volume: 1 issue: 1. </subfield>
   <subfield code="s">1000000000002565</subfield>
   <subfield code="t">1000000000001905</subfield>
   <subfield code="x">LearnTechLib - The Learning and Technology Library Journals:Full Text</subfield>
   <subfield code="z">1000000000961415</subfield>
  </datafield>
  <datafield tag="901" ind1="" ind2="">
   <subfield code="1">^QA20.C65 J68</subfield>
  </datafield>
 </record>