
 <record>
  <leader>-----nas-a2200000z--4500</leader>
  <controlfield tag="008">171121uuuuuuuuuxx-uu-|------u|----|eng-d</controlfield>
  <datafield tag="010" ind1="" ind2="">
   <subfield code="a">   95649669 </subfield>
  </datafield>
  <datafield tag="245" ind1="" ind2="0">
   <subfield code="a">TESL-EJ</subfield>
  </datafield>
  <datafield tag="210" ind1="" ind2="">
   <subfield code="a">TEACHING ENGLISH AS A SECOND LANGUAGE</subfield>
  </datafield>
  <datafield tag="260" ind1="" ind2="">
   <subfield code="a">Berkeley, CA</subfield>
   <subfield code="b">TESL-EJ</subfield>
  </datafield>
  <datafield tag="022" ind1="" ind2="">
   <subfield code="a">1072-4303</subfield>
  </datafield>
  <datafield tag="090" ind1="" ind2="">
   <subfield code="a">110978984444553</subfield>
  </datafield>
  <datafield tag="866" ind1="" ind2="">
   <subfield code="a">Available from 2005 volume: 8 issue: 4. </subfield>
   <subfield code="s">1000000000002565</subfield>
   <subfield code="t">1000000000001905</subfield>
   <subfield code="x">LearnTechLib - The Learning and Technology Library Journals:Full Text</subfield>
   <subfield code="z">3880000000491133</subfield>
  </datafield>
  <datafield tag="901" ind1="" ind2="">
   <subfield code="1">SCHOOLEL</subfield>
  </datafield>
 </record>