
 <record>
  <leader>-----nas-a2200000z--4500</leader>
  <controlfield tag="008">171121uuuuuuuuuxx-uu-|------u|----|eng-d</controlfield>
  <datafield tag="010" ind1="" ind2="">
   <subfield code="a">   93664085 </subfield>
  </datafield>
  <datafield tag="245" ind1="" ind2="4">
   <subfield code="a">The Journal of the California Association of Professors of Educational Administration</subfield>
  </datafield>
  <datafield tag="210" ind1="" ind2="">
   <subfield code="a">J. CALIF. ASSOC. PROFR. EDUC. ADM.</subfield>
  </datafield>
  <datafield tag="260" ind1="" ind2="">
   <subfield code="b">Caddo Gap Press</subfield>
  </datafield>
  <datafield tag="022" ind1="" ind2="">
   <subfield code="a">1064-4474</subfield>
  </datafield>
  <datafield tag="090" ind1="" ind2="">
   <subfield code="a">110985822459534</subfield>
  </datafield>
  <datafield tag="866" ind1="" ind2="">
   <subfield code="a">Available from 2004 volume: 16. </subfield>
   <subfield code="s">1000000000002565</subfield>
   <subfield code="t">1000000000001905</subfield>
   <subfield code="x">LearnTechLib - The Learning and Technology Library Journals:Full Text</subfield>
   <subfield code="z">3880000000491107</subfield>
  </datafield>
 </record>
 </collection>